\chapter{References}
\begin{enumerate}
	\item https://drive.google.com/file/d/0B-tCvLzyt01FYlQ2dVRBWEtTNkE/view

	\item https://www.cleverbot.com/ Normal user friendly chatbot.


	\item https://www.irctc.co.in/nget/  A railway guide on IRCTC website.

	\item https://en.m.wikipedia.org/wiki/Xampp Xampp server.

	\item https://chatterbot.readthedocs.io/en/stable/  python Chatterbot library.
\end{enumerate}